@book{CruzArqueologia:Ceramica,
    title = {{Arqueologia: Cer{\^{a}}mica}},
    author = {Cruz, Maria das Dores and Correia, Virgílio Hipólito},
    url = {http://www.matriznet.dgpc.pt/matriznet/Download/Normas/ARQ_CeramicaUtilitaria.pdf},
    isbn = {9789727763320}
}

@book{Raposo2000Arqueologia:Gerais,
    title = {{Arqueologia: Normas Gerais}},
    year = {2000},
    author = {Raposo, Luís and Martins, Adolfo Silveira and Correia, Virgílio},
    pages = {76},
    url = {http://www.matriznet.dgpc.pt/matriznet/Download/Normas/ARQ_NormasGerais.pdf},
    isbn = {972-776-065-1}
}

@book{MantuaArte:Ceramica,
    title = {{Arte: Cer{\^{a}}mica}},
    author = {M{\^{a}}ntua, Ana Anjos and Henriques, Paulo and Campos, Teresa},
    url = {http://www.matriznet.dgpc.pt/matriznet/Download/Normas/AP_AD_Ceramica.pdf},
    isbn = {9789727763276}
}

@book{Carvalho2012Arte:Escultura,
    title = {{Arte: Escultura}},
    year = {2012},
    author = {Carvalho, Maria João Vilhena de},
    url = {http://www.matriznet.dgpc.pt/matriznet/Download/Normas/AP_AD_Escultura.pdf}
}

@book{Tudela1999Arte:Musicais,
    title = {{Arte: Instrumentos Musicais}},
    year = {1999},
    author = {Tudela, Ana Paula and Trindade, Maria Helena},
    pages = {305},
    url = {http://www.matriznet.dgpc.pt/matriznet/Download/Normas/NI_Arte_Instrumentos Musicais.pdf},
    isbn = {9789727764136}
}

@book{Sousa2012Arte:Mobiliario,
    title = {{Arte: Mobili{\'{a}}rio}},
    year = {2012},
    author = {Sousa, Maria da Conceição Borges de and Bastos, Celina},
    pages = {21503282},
    isbn = {9727761860}
}

@book{PINHO2000Arte:Gerais,
    title = {{Arte: Normas Gerais}},
    year = {2000},
    author = {PINHO, Elsa Garrett and FREITAS, Inês da Cunha},
    pages = {99},
    url = {http://www.matriznet.dgpc.pt/matriznet/Download/Normas/AP_AD_NormasGerais.pdf},
    isbn = {9727760384}
}

@book{AlvesArte:Ourivesaria,
    title = {{Arte: Ourivesaria}},
    author = {Alves, Fernanda and Ferr{\~{a}}o, Pedro Miguel and Carvalho, Rui Galopim de and Maranhas, Teresa},
    url = {http://www.matriznet.dgpc.pt/matriznet/Download/Normas/NI_Arte_Ourivesaria.pdf},
    isbn = {9789727763276}
}

@book{Caetano2007Arte:Pintura,
    title = {{Arte: Pintura}},
    year = {2007},
    author = {Caetano, Joaquim Oliveira},
    pages = {1--122},
    isbn = {9789727763566}
}

@book{AlarcaoArte:Texteis,
    title = {{Arte: T{\^{e}}xteis}},
    author = {Alarc{\~{a}}o, Teresa and Pacheco, Pereira Teresa},
    url = {http://www.matriznet.dgpc.pt/matriznet/Download/Normas/AP_AD_Texteis.pdf}
}

@book{CostaCienciaGerais,
    title = {{Ci{\^{e}}ncia e T{\'{e}}cnica: Normas Gerais}},
    author = {Costa, Paulo Ferreira da and Costa, Marta Sanches da},
    url = {http://www.matriznet.dgpc.pt/matriznet/Download/Normas/NI_Ciencia_Tecnica.pdf},
    isbn = {9789727764259}
}

@phdthesis{Rimal2019DevelopingBeyond,
    title = {{Developing a Web Application on NodeJS and MongoDB using ES6 and Beyond}},
    year = {2019},
    author = {Rimal, Aashis},
    number = {January},
    url = {https://www.theseus.fi/bitstream/handle/10024/159951/Rimal_Aashis.pdf?sequence=1&isAllowed=y}
}

@phdthesis{Aires-barros2006DoTecnico,
    title = {{Do interesse e da actualidade dos Museus de Ci{\^{e}}ncias da Terra nas Universidades: os casos dos Museus Bensa{\'{u}}de e D{\'{e}}cio Thadeu do Instituto Superior T{\'{e}}cnico}},
    year = {2006},
    booktitle = {Conservar Patrim{\'{o}}nio},
    author = {Aires-barros, Luís},
    number = {3-4},
    pages = {79--84},
    url = {http://revista.arp.org.pt/pdf/3-4_7.pdf},
    issn = {2182-9942}
}

@techreport{TomeDOCUMENTACAOREPRESENTACAO,
    title = {{DOCUMENTA{\c{C}}{\~{A}}O E REPRESENTA{\c{C}}{\~{A}}O}},
    author = {Tom{\'{e}}, Ana},
    url = {https://www.researchgate.net/publication/317902036_Catalogo_Digital_da_Exposicao_Documentacao_e_Representacao_Digital_de_Bens_Culturais},
    isbn = {9789899834286}
}

@phdthesis{Lisboa2017EDUCATIVORocha,
    title = {{EDUCATIVO NOS MUSEUS DO INSTITUTO Nat{\'{a}}lia de Jesus Sousa Rocha}},
    year = {2017},
    author = {Lisboa, Universidade D E},
    url = {http://hdl.handle.net/10451/29840}
}

@book{Brito2013Etnologia:Agricola,
    title = {{Etnologia: Alfaia Agr{\'{i}}cola}},
    year = {2013},
    booktitle = {Journal of Chemical Information and Modeling},
    author = {Brito, Joaquim Pais de and Campos, Ana Margarida and Costa, Paulo Ferreira da},
    number = {9},
    pages = {1689--1699},
    volume = {53},
    url = {http://www.matriznet.dgpc.pt/matriznet/Download/Normas/ETN_AlfaiaAgricola.pdf},
    isbn = {9788578110796},
    doi = {10.1017/CBO9781107415324.004},
    issn = {1098-6596},
    pmid = {25246403},
    arxivId = {arXiv:1011.1669v3},
    keywords = {icle}
}

@book{AlmeidaEtnologia:Textil,
    title = {{Etnologia: Tecnologia T{\^{e}}xtil}},
    author = {Almeida, Cláudia and Brito, Joaquim Pais de and Melo, Patrícia},
    url = {http://www.matriznet.dgpc.pt/matriznet/Download/Normas/ETN_TecnologiaTextil.pdf},
    isbn = {9789727763269}
}

@misc{ISTFenixEduPages,
    title = {{FenixEdu™ Developer Pages}},
    author = {{IST}},
    url = {http://fenixedu.org/dev/api/}
}

@misc{GregorioIntroREST,
    title = {{Intro to REST}},
    author = {Gregorio, Joe},
    url = {https://bitworking.org/images/2009/01/intro-to-rest.pdf}
}

@book{Rischpater2015JavaScriptCookbook,
    title = {{JavaScript JSON Cookbook}},
    year = {2015},
    author = {Rischpater, Ray},
    pages = {192},
    url = {https://pepa.holla.cz/wp-content/uploads/2015/11/JavaScript-JSON-Cookbook.pdf},
    isbn = {9788578110796},
    doi = {10.1017/CBO9781107415324.004},
    issn = {1098-6596},
    pmid = {25246403},
    arxivId = {arXiv:1011.1669v3},
    keywords = {icle}
}

@phdthesis{Shingala2019JSONMQTT,
    title = {{JSON Web Token (JWT) based client authentication in Message Queuing Telemetry Transport (MQTT)}},
    year = {2019},
    author = {Shingala, Krishna},
    number = {March},
    url = {http://arxiv.org/abs/1903.02895},
    arxivId = {1903.02895}
}

@phdthesis{Barros2007MaterialidadeIST,
    title = {{Materialidade da t{\'{e}}cnica: um diagn{\'{o}}stico do acervo museol{\'{o}}gico do IST}},
    year = {2007},
    author = {Barros, Miriam Rute De Jesus}
}

@unpublished{MongoDB2016MongoDBGuide,
    title = {{MongoDB Architecture Guide}},
    year = {2016},
    booktitle = {MongoDB White Paper},
    author = {{MongoDB}},
    number = {June},
    pages = {1--16},
    url = {https://jira.mongodb.org/secure/attachment/112939/MongoDB_Architecture_Guide.pdf}
}

@misc{Tecnico1860MuseuFaraday,
    title = {{Museu Faraday}},
    year = {1860},
    author = {T{\'{e}}cnico, Instituto Superior},
    url = {http://www.amrad.pt/amrad-wp/wp-content/uploads/2017/01/museufaraday15Janfinal.pdf}
}

@book{Corporation2019Node.jsGuide,
    title = {{Node.js Application Developer’s Guide}},
    year = {2019},
    author = {Corporation, Marklogic},
    number = {May},
    pages = {1--269},
    url = {https://docs.marklogic.com/guide/node-dev.pdf}
}

@book{Howard2013Node.jsDevelopers,
    title = {{Node.js for PHP Developers}},
    year = {2013},
    booktitle = {Journal of Chemical Information and Modeling},
    author = {Howard, Daniel},
    number = {9},
    pages = {1689--1699},
    volume = {53},
    url = {http://index-of.co.uk/Cloud Technology/Node.js For PHP Developers V413HAV.pdf},
    isbn = {9788578110796},
    doi = {10.1017/CBO9781107415324.004},
    issn = {1098-6596},
    pmid = {25246403},
    arxivId = {arXiv:1011.1669v3},
    keywords = {icle}
}

@phdthesis{MagalhaesPropostaMovimento,
    title = {{Proposta para um modelo de cataloga{\c{c}}{\~{a}}o de gest{\~{a}}o e conserva{\c{c}}{\~{a}}o de obras de arte de imagem em movimento}},
    author = {Magalh{\~{a}}es, Andreia},
    url = {http://www.apha.pt/wp-content/uploads/boletim5/3-AndreiaMagalhaes.pdf}
}

@book{Silva2002TheProject,
    title = {{The FenixEdu project}},
    year = {2002},
    author = {Silva, Fernando Mira da},
    url = {https://ciist.ist.utl.pt/projectos/Fenix.pdf}
}

@book{EricksenTheManual,
    title = {{The Small Museums Cataloguing Manual}},
    author = {Ericksen, Hilary and Unger, Ingrid},
    url = {https://amagavic.org.au/assets/Small_Museums_Cataloguing_Manual_4th.pdf}
}

@book{CollectionsTrust2009TheProcedure,
    title = {{The UK Museum Collections Management Standard Cataloguing procedure}},
    year = {2009},
    author = {{CollectionsTrust}},
    url = {https://collectionstrust.org.uk/wp-content/uploads/2016/11/spectrum_4_03.pdf}
}

@misc{2005UsingRequests,
    title = {{Using Ajax for asynchronous requests}},
    year = {2005},
    url = {http://www.dainf.ct.utfpr.edu.br/~caio/ws/ws/IntroducaoAjax.pdf}
}

@phdthesis{Langtangen2015UsingApplications,
    title = {{Using Web Frameworks for Scientific Applications}},
    year = {2015},
    author = {Langtangen, Hans Petter and Johansen, Anders E},
    pages = {1--77},
    url = {https://hplgit.github.io/web4sciapps/doc/pub/web4sa.pdf}
}

@book{Copes2018VueHandbook,
    title = {{Vue Handbook}},
    year = {2018},
    author = {Copes, Flavio},
    pages = {122}
}

@article{Gyorodi2016WebAjax,
    title = {{Web 2.0 technologies with jQuery and Ajax}},
    year = {2016},
    journal = {Computer Technology and Computer Programming: New Research and Strategies},
    author = {Gy{\"{o}}r{\"{o}}di, Cornelia and Gy{\"{o}}r{\"{o}}di, Robert and Pecherle, George and Lorand, Tamas and Alin, Rosu},
    pages = {99--110},
    url = {https://www.researchgate.net/publication/40422422_Web_20_Technologies_with_jQuery_and_Ajax},
    isbn = {9781466562592},
    keywords = {Ajax, CSS, DOM, HTML, JavaScript, MySQL, PHP, XML, jQuery, web portals}
}